@article{eckerle2014spieltheorie,
  title       = {Skript Spieltheorie FS 2014},
  author      = {Prof. Dr. JÃ¼rgen Eckerle},
  pages       = {7--24},
  year        = {2014}
}
